%% This BibTeX bibliography file was created using BibDesk.
%% http://bibdesk.sourceforge.net/

%% Saved with string encoding Unicode (UTF-8) 

@ARTICLE{ray2016introIoT, 
author={S. Ray and Y. Jin and A. Raychowdhury}, 
journal={IEEE Design Test}, 
title={The Changing Computing Paradigm With Internet of Things: A Tutorial Introduction}, 
year={2016}, 
volume={33}, 
number={2}, 
pages={76-96}, 
keywords={Internet of Things;power aware computing;security of data;Internet of Things;power management;security;Cloud computing;Computer security;Data mining;Ecosystems;Internet of Things;Tutorials;IoT Application;IoT Architecture;IoT Security;Low-power Devices;Web of Things}, 
doi={10.1109/MDAT.2016.2526612}, 
ISSN={2168-2356}, 
month={April},}

@ARTICLE{zanella2014IoTsmartCities, 
author={A. Zanella and N. Bui and A. Castellani and L. Vangelista and M. Zorzi}, 
journal={IEEE Internet of Things Journal}, 
title={Internet of Things for Smart Cities}, 
year={2014}, 
volume={1}, 
number={1}, 
pages={22-32}, 
keywords={Internet;Internet of Things;protocols;Internet of Things;Padova smart city project;Smart City vision;advanced communication technology;digital services;heterogeneous end systems;link layer technology;protocols;urban IoT system;value-addedservices;Business;IEEE 802.15 Standards;Monitoring;Smart buildings;Smart homes;Urban areas;6lowPAN;Constrained Application Protocol (CoAP);Efficient XML Interchange (EXI);Smart Cities;network architecture;sensor system integration;service functions and management;testbed and trials}, 
doi={10.1109/JIOT.2014.2306328}, 
ISSN={2327-4662}, 
month={Feb},}

@inproceedings{Bor:2016:LIT:2893711.2893802,
 author = {Bor, Martin and Vidler, John and Roedig, Utz},
 title = {LoRa for the Internet of Things},
 booktitle = {Proceedings of the 2016 International Conference on Embedded Wireless Systems and Networks},
 series = {EWSN '16},
 year = {2016},
 isbn = {978-0-9949886-0-7},
 location = {Graz, Austria},
 pages = {361--366},
 numpages = {6},
 url = {http://dl.acm.org/citation.cfm?id=2893711.2893802},
 acmid = {2893802},
 publisher = {Junction Publishing},
 address = {USA},
 keywords = {IoT, LoRa, Medium Access Control (MAC)},
} 

@ARTICLE{palattella2016, 
author={M. R. Palattella and M. Dohler and A. Grieco and G. Rizzo and J. Torsner and T. Engel and L. Ladid}, 
journal={IEEE Journal on Selected Areas in Communications}, 
title={Internet of Things in the 5G Era: Enablers, Architecture, and Business Models}, 
year={2016}, 
volume={34}, 
number={3}, 
pages={510-527}, 
keywords={5G mobile communication;Internet of Things;telecommunication network planning;5G cellular systems;5G era;5G technologies;Internet of Things;IoT connectivity landscape;business models;communication technologies;connectivity technology;heterogeneous devices;5G mobile communication;Bluetooth;Business;Monitoring;Protocols;Reliability;3GPP;5G;Bluetooth Low Energy;Internet of Things;IoT;Low Power Wide Area;Low-Power Wifi;MTC;Machine-Type Communications;Standardization;Zigbee;cellular}, 
doi={10.1109/JSAC.2016.2525418}, 
ISSN={0733-8716}, 
month={March},}

@INPROCEEDINGS{mainetti2011-WNStoIoT, 
author={L. Mainetti and L. Patrono and A. Vilei}, 
booktitle={SoftCOM 2011, 19th International Conference on Software, Telecommunications and Computer Networks}, 
title={Evolution of wireless sensor networks towards the Internet of Things: A survey}, 
year={2011}, 
volume={}, 
number={}, 
pages={1-6}, 
keywords={IP networks;Internet;personal area networks;wireless sensor networks;6LoWPAN-IPv6;IP-based sensor networks;Internet of things;IoT;WSN;actuator technology;all-IP infrastructure;building automation;environment monitoring;smart metering;wireless sensor network evolution;Automation;Buildings;Internet;Protocols;Wireless communication;Wireless sensor networks;Zigbee}, 
doi={}, 
ISSN={}, 
month={Sept},}

@ARTICLE{al-fuqaha2015, 
author={A. Al-Fuqaha and M. Guizani and M. Mohammadi and M. Aledhari and M. Ayyash}, 
journal={IEEE Communications Surveys Tutorials}, 
title={Internet of Things: A Survey on Enabling Technologies, Protocols, and Applications}, 
year={2015}, 
volume={17}, 
number={4}, 
pages={2347-2376}, 
keywords={Internet of Things;mobile communication;protocols;radiofrequency identification;Internet of Things;Internet protocols;M2M technologies;RFID;big data analytics;cloud computing;communication technologies;fog computing;intelligent decision making;machine-to-machine;smart sensors;Computer architecture;Intelligent sensors;Internet of things;Mobile communication;Radiofrequency identification;AMQP;CoAP;DDS;Internet of Things (IoT);Internet of things;IoT;IoT Gateway;IoT gateway;MQTT;XMPP;mDNS}, 
doi={10.1109/COMST.2015.2444095}, 
ISSN={1553-877X}, 
month={Fourthquarter},}

@INPROCEEDINGS{haochen2011iotGatewayIntro, 
author={Hao Chen and Xueqin Jia and Heng Li}, 
booktitle={IET International Conference on Communication Technology and Application (ICCTA 2011)}, 
title={A brief introduction to IoT gateway}, 
year={2011}, 
volume={}, 
number={}, 
pages={610-613}, 
keywords={Internet;internetworking;network servers;sensors;Internet of Things;IoT architecture;IoT gateway;network domain;sensing domain;IoT (Internet Of Things);IoT gatway}, 
doi={10.1049/cp.2011.0740}, 
ISSN={}, 
month={Oct},}

@article{faries1998water,
  title={Water quality: Its relationship to livestock},
  author={Faries Jr, Floron C and Sweeten, John M and Reagor, John C and others},
  journal={Texas FARMER Collection},
  year={1998}
}

@article{west2003effects,
  title={Effects of heat-stress on production in dairy cattle},
  author={West, JW},
  journal={Journal of dairy science},
  volume={86},
  number={6},
  pages={2131--2144},
  year={2003},
  publisher={Elsevier}
}

@article{LEE2015431IoTApplicandChallenges,
title = "The Internet of Things (IoT): Applications, investments, and challenges for enterprises",
journal = "Business Horizons",
volume = "58",
number = "4",
pages = "431 - 440",
year = "2015",
issn = "0007-6813",
doi = "https://doi.org/10.1016/j.bushor.2015.03.008",
url = "http://www.sciencedirect.com/science/article/pii/S0007681315000373",
author = "In Lee and Kyoochun Lee",
keywords = "Cloud computing, Internet of Things, Radio frequency identification, Real options, Supply chain management"
}

@INPROCEEDINGS{cheng2015smartsantander, 
author={B. Cheng and S. Longo and F. Cirillo and M. Bauer and E. Kovacs}, 
booktitle={2015 IEEE International Congress on Big Data}, 
title={Building a Big Data Platform for Smart Cities: Experience and Lessons from Santander}, 
year={2015}, 
volume={}, 
number={}, 
pages={592-599}, 
keywords={Big Data;data analysis;smart cities;software architecture;ubiquitous computing;Big Data platform;CiDAP;Internet of Things;IoT;SmartSantander;context-awareness;human activities;live city data and analytics platform;smart city data platforms;system architecture;Big data;Cities and towns;Databases;Real-time systems;Sensors;Servers;Big Data;Internet of Things;Smart Cities;platform}, 
doi={10.1109/BigDataCongress.2015.91}, 
ISSN={2379-7703}, 
month={June},}

@INPROCEEDINGS{gokul2017cattlenode, 
author={V. Gokul and S. Tadepalli}, 
booktitle={2017 International Conference on I-SMAC (IoT in Social, Mobile, Analytics and Cloud) (I-SMAC)}, 
title={Implementation of smart infrastructure and non-invasive wearable for real time tracking and early identification of diseases in cattle farming using IoT}, 
year={2017}, 
volume={}, 
number={}, 
pages={469-476}, 
keywords={Internet of Things;biomedical telemetry;body sensor networks;cloud computing;computerised monitoring;diseases;farming;health care;inspection;mobile computing;patient monitoring;wearable computers;wireless sensor networks;IoT;abnormalities detection;biological activities;calving time intimation;cattle health;cattle health inspection costs;disease;excel sheet;farm;location tracking;milk production;physiological activities;sink node;smart infrastructure;smart lighting;smart ventilation;smart watering;smoke detection;time health characteristics;time tracking;visual signs;wearable device;Biomedical monitoring;Cloud computing;Cows;Diseases;Fires;Temperature measurement;Temperature sensors;IoT;abnormalities;analytics;calving time;cloud;early detection;emergency;location;nodes;smart lighting;smart ventilation;smart watering;smoke;storage;visualization;wearable}, 
doi={10.1109/I-SMAC.2017.8058394}, 
ISSN={}, 
month={Feb},}

@INPROCEEDINGS{Vuppalapati2017smartdairies, 
author={J. S. Vuppalapati and S. Kedari and A. Ilapakurthy and A. Ilapakurti and C. Vuppalapati}, 
booktitle={2017 IEEE Third International Conference on Big Data Computing Service and Applications (BigDataService)}, 
title={Smart Dairies ; Enablement of Smart City at Gross Root Level}, 
year={2017}, 
volume={}, 
number={}, 
pages={118-123}, 
keywords={Internet of Things;dairy products;productivity;smart cities;agriculture GDP;cattle related health issues;dairy industry;milk production;milk products;productivity;rural-urban linkages;smart city;smart dairies;smart dairy IoT sensors;smart villages;Artificial intelligence;Big Data;Conferences;CEP;Decision Tree;Internet Of Things;IoT;IoT reference architecture;Machine Learning;Regression Analysis;Term Frequency and Inverse Document Frequency}, 
doi={10.1109/BigDataService.2017.35}, 
ISSN={}, 
month={April},}

@INPROCEEDINGS{Vuppalapati2015infra, 
author={A. Ilapakurti and C. Vuppalapati}, 
booktitle={2015 IEEE First International Conference on Big Data Computing Service and Applications}, 
title={Building an IoT Framework for Connected Dairy}, 
year={2015}, 
volume={}, 
number={}, 
pages={275-285}, 
keywords={Internet of Things;dairy products;dairying;investment;Happy Cow;Internet of Things;IoT framework;ROA;ROI;U.S. Department of Agriculture;animal illness;cattle temperature;connected dairy;dairy industry;dairy productivity;economic toll;electronic monitor framework;farmer production cost;heat stress;higher-temperature;nutritional input;offline dairy IoT;online dairy IoT;prototyping solution design;return on assets;return on investment;Bluetooth;Cows;Decision trees;Heating;Stress;Temperature measurement;Temperature sensors;Android;BLE;Bluetooth Low Energy;CEP;Complex Event Processing;Dairy;Decision Tree;Heat Stress;Internet Of Things;IoT;IoT reference architecture;Machine Learning;Memory Data Cube;Regression Analysis;Sensor Tag;iOS;streaming analytics}, 
doi={10.1109/BigDataService.2015.39}, 
ISSN={}, 
month={March},}

@INPROCEEDINGS{Maina2017accel, 
author={C. wa Maina}, 
booktitle={2017 IST-Africa Week Conference (IST-Africa)}, 
title={IoT at the grassroots ; Exploring the use of sensors for livestock monitoring}, 
year={2017}, 
volume={}, 
number={}, 
pages={1-8}, 
keywords={Internet of things;Raspberry Pi;activity detection;machine learning}, 
doi={10.23919/ISTAFRICA.2017.8102356}, 
ISSN={}, 
month={May},}

@INPROCEEDINGS{Pham2017lora, 
author={C. Pham and F. Ferrero and M. Diop and L. Lizzi and O. Dieng and O. Thiaré}, 
booktitle={2017 7th IEEE International Workshop on Advances in Sensors and Interfaces (IWASI)}, 
title={Low-cost antenna technology for LPWAN IoT in rural applications}, 
year={2017}, 
volume={}, 
number={}, 
pages={121-126}, 
keywords={Internet of Things;agricultural engineering;low-power electronics;mobility management (mobile radio);security;wearable antennas;wide area networks;LPWAN IoT;cattle rustling issue;long range radio technology;low cost antenna technology;low power radio technology;low-cost IoT collar device;off-the-shelves components;rural applications;Antennas;Cows;Global Positioning System;Hardware;Logic gates;Robustness;Sensors;Antenna design;LPWAN;Low-cost IoT;rural applications}, 
doi={10.1109/IWASI.2017.7974231}, 
ISSN={}, 
month={June},}

@INPROCEEDINGS{Prathibha2017SmartAgro, 
author={S. R. Prathibha and A. Hongal and M. P. Jyothi}, 
booktitle={2017 International Conference on Recent Advances in Electronics and Communication Technology (ICRAECT)}, 
title={IOT Based Monitoring System in Smart Agriculture}, 
year={2017}, 
volume={}, 
number={}, 
pages={81-84}, 
keywords={Internet of Things;agriculture;crops;environmental factors;farming;wireless LAN;CC3200 single chip;IoT sensors;agricultural field;agriculture fields;environmental factors;monitoring system;smart agriculture;smart farming;Intelligent sensors;Irrigation;Monitoring;Temperature sensors;Wireless sensor networks;CC3200;IoT;NWP;Temperature}, 
doi={10.1109/ICRAECT.2017.52}, 
ISSN={}, 
month={March},}

@INPROCEEDINGS{Cambra2017AgroMonitoring, 
author={C. Cambra and S. Sendra and J. Lloret and L. Garcia}, 
booktitle={2017 IEEE International Conference on Communications (ICC)}, 
title={An IoT service-oriented system for agriculture monitoring}, 
year={2017}, 
volume={}, 
number={}, 
pages={1-6}, 
keywords={Internet of Things;cloud computing;computerised monitoring;irrigation;telecommunication network topology;vegetation;wireless sensor networks;Drools Guvnor;Internet of Things;IoT service-oriented system;WSNs;aerial mapping;agriculture monitoring;business rules manager;devices communication;field parameters;index vegetation;irrigation events;irrigation tool;low cost irrigation controller;mobile phone;multimedia platform;smart IoT communication system manager design;smart cloud service;smart wireless network topology;variable rate irrigation;wireless sensor networks;Data integration;Hafnium compounds;Internet of Things;Service-oriented architecture;Wireless sensor networks;Agro IoT;Data processing system;Farming Data;SOA;Service Integration;Wireless Sensor Network;sensor data integration}, 
doi={10.1109/ICC.2017.7996640}, 
ISSN={}, 
month={May},}

@ARTICLE{Brewster2017IoTAgroLargeScale, 
author={C. Brewster and I. Roussaki and N. Kalatzis and K. Doolin and K. Ellis}, 
journal={IEEE Communications Magazine}, 
title={IoT in Agriculture: Designing a Europe-Wide Large-Scale Pilot}, 
year={2017}, 
volume={55}, 
number={9}, 
pages={26-33}, 
keywords={Internet of Things;agriculture;Internet of Things;IoT-based large-scale pilots;LSP deployment;agriculture;food waste;Agriculture;Biological system modeling;Data models;Internet of Things;Supply chain management;System of systems}, 
doi={10.1109/MCOM.2017.1600528}, 
ISSN={0163-6804}, 
month={},}

@INPROCEEDINGS{MihaiDraganaStamatescuPopescuIchim2018,
author={V. Mihai and C. Dragana and G. Stamatescu and D. Popescu and L. Ichim},
booktitle={2018 5th International Conference on Control, Decision and Information Technologies (CoDIT)},
title={Wireless Sensor Network Architecture based on Fog Computing},
year={2018},
volume={},
number={},
pages={743-747},
keywords={Cloud computing;Computer architecture;Edge computing;Logic gates;Sensors;Wireless sensor networks;ZigBee},
doi={10.1109/CoDIT.2018.8394851},
ISSN={},
month={April},}